<record><leader>00000cas a22000007a 4500</leader><controlfield tag="001">15217564</controlfield><controlfield tag="008">870220d18931903iaucr ne      0    0eng d</controlfield><datafield ind1=" " ind2=" " tag="010"><subfield code="a">sn 87058062 </subfield></datafield><datafield ind1=" " ind2=" " tag="040"><subfield code="a">INP</subfield><subfield code="b">eng</subfield><subfield code="c">INP</subfield><subfield code="d">OCLCQ</subfield></datafield><datafield ind1=" " ind2=" " tag="042"><subfield code="a">msc</subfield></datafield><datafield ind1="0" ind2="4" tag="245"><subfield code="a">The Tuesday union.</subfield></datafield><datafield ind1="1" ind2="3" tag="246"><subfield code="a">Albia union</subfield></datafield><datafield ind1="3" ind2="0" tag="246"><subfield code="a">Saturday union</subfield></datafield><datafield ind1="3" ind2="0" tag="246"><subfield code="a">Friday union</subfield></datafield><datafield ind1=" " ind2=" " tag="260"><subfield code="a">Albia, Monroe County, Iowa :</subfield><subfield code="b">A.R. Barnes,</subfield><subfield code="c">1893-1903.</subfield></datafield><datafield ind1=" " ind2=" " tag="300"><subfield code="a">11 v. :</subfield><subfield code="b">ill.</subfield></datafield><datafield ind1=" " ind2=" " tag="310"><subfield code="a">Semiweekly</subfield></datafield><datafield ind1="0" ind2=" " tag="362"><subfield code="a">Vol. 32, no. 1 (Aug. 29, 1893)-v. 42, no. 36 (Dec. 29, 1903).</subfield></datafield><datafield ind1=" " ind2=" " tag="500"><subfield code="a">Second edition of the week called: Saturday union, Sept. 2, 1893-Aug. 25, 1894; Friday union, Aug. 31, 1894-Dec. 25, 1903.</subfield></datafield><datafield ind1=" " ind2=" " tag="500"><subfield code="a">"Official paper of Monroe County."</subfield></datafield><datafield ind1=" " ind2=" " tag="500"><subfield code="a">Publisher varies.</subfield></datafield><datafield ind1=" " ind2=" " tag="752"><subfield code="a">United States</subfield><subfield code="b">Iowa</subfield><subfield code="c">Monroe</subfield><subfield code="d">Albia.</subfield></datafield><datafield ind1="0" ind2="0" tag="780"><subfield code="t">Albia union (Albia, Iowa : 1893)</subfield><subfield code="w">(DLC)sn 87058038</subfield></datafield><datafield ind1="0" ind2="0" tag="785"><subfield code="t">Albia union (Albia, Iowa : 1904)</subfield><subfield code="w">(DLC)sn 87058063</subfield></datafield></record>